@online{a,
    url={http://guides.rubygems.org/make-your-own-gem/},
    title={Make Your Own Gem},
    author={Rubygems},
    year={2016}
}
@online{b,
    url={https://www.sharelatex.com/learn/Writing_your_own_package},
    title={Writing Your Own Package},
    author={Henry Oswald,James Allen,Shane Kilkelly},
    year={2013}
}
@article{c,
    title={How to Package Your \LaTeX\ Package},
    author={Scott Pakin},
    year={2015}
}
